<?xml version="1.0" encoding="UTF-8"?><collection xmlns="http://www.loc.gov/MARC21/slim"><record><leader>00644nam--2200181-i-4500</leader><controlfield tag="001">000001838</controlfield><controlfield tag="002">20161230</controlfield><controlfield tag="005">20161230201024</controlfield><controlfield tag="008">060222s1000------------r-----000-0-eng-d</controlfield><datafield ind1=" " ind2=" " tag="040"><subfield code="a">IFIN-HH</subfield></datafield><datafield ind1=" " ind2=" " tag="080"><subfield code="a">536.7</subfield></datafield><datafield ind1="1" ind2=" " tag="100"><subfield code="a">Donnelly, Russel J</subfield></datafield><datafield ind1="1" ind2="0" tag="245"><subfield code="a">Non-equilibrium thermodynamics variational techniques and stability</subfield><subfield code="b">Proceedings of a symposium held at the university of chicago may 17-19, 1965</subfield><subfield code="c">Russel j. donnelly; robert, herman; ilya prigogine (eds.)</subfield></datafield><datafield ind1=" " ind2=" " tag="260"><subfield code="a">Chicago</subfield><subfield code="b">The University Of Chicago Press</subfield><subfield code="c">1965</subfield></datafield><datafield ind1=" " ind2=" " tag="300"><subfield code="a">IX + 313 P</subfield></datafield><datafield ind1="1" ind2=" " tag="700"><subfield code="a">Prigogine, Ilya</subfield><subfield code="e">Ed</subfield></datafield><datafield ind1=" " ind2=" " tag="852"><subfield code="a">24837</subfield><subfield code="c">536.7</subfield></datafield><datafield ind1=" " ind2=" " tag="CAT"><subfield code="a">Sys</subfield><subfield code="c">20110517</subfield><subfield code="h">104944</subfield></datafield></record></collection>